@Book{sztuka2,
  author =       "Paul Horowitz and Winfield Hill",
  title =        "Sztuka elektroniki Część 2",
  publisher =    "Wydawnictwa Komunikacji i~Łączności",
  year =         "2006",
  ISBN =         "978-83-2061128-1",
}

@Book{interfejsy,
  author =       "Michael Gook",
  title =        "Interfejsy sprzętowe komputerów PC",
  publisher =    "Helion",
  year =         "2005",
  ISBN =         "83-7361-663-2",
}

@Book{programowanie-avr,
  author =       "Mirosław Kardaś",
  title =        "Mikrokontrolery AVR. Język C --- podstawy programowania",
  publisher =    "Atnel",
  year =         "2011",
  ISBN =         "978-83-931797-0-1",
}

@Booklet{fonts,
  author =       "Wojciech Regulski",
  title =        "Mini Słownik Typograficzny dla~Studentów Podstaw Typografii",
  year =         "2013",
}

@misc{ds-avr,
  title = "{AT90USB1286, AT90USB1287, AT90USB646, AT90USB647} Complete Datasheet",
  howpublished = "\url{www.atmel.com/Images/doc7593.pdf}",
  year = "2012",
}

@misc{sd1,
  title = "{SD/SDHC} Card Interfacing with {ATMEGA8/32} ({FAT32} Implementation)",
  howpublished = "\url{http://atmega32-avr.com/sdsdhc-card-interfacing-with-atmega8-32-fat32-implementation/}",
}

@misc{ds-wysw,
  title = "{JZM23882ASR-GW} Data Sheet",
  howpublished = "\url{http://download.maritex.com.pl/pdfs/op/2388RH-AMGW.pdf}",
  year = "2007",
}

@misc{ds-mbi,
  title = "{MBI5026} 16-bit Constant Current LED Sink Driver Datasheet",
  howpublished = "\url{http://mkpochtoi.narod.ru/MBI5026_mkpochtoi.pdf}",
  year = "2003",
}

@misc{ds-spx,
  title = "{SPX1117} 800mA Low Dropout Voltage Regulator",
  howpublished = "\url{http://pdf.datasheetcatalog.com/datasheet/sipex/SPX1117.pdf}",
  year = "2007",
}

@misc{ds-udn,
  title = "{UDN2981} THRU 2984 8-Channel Source Drivers Datasheet",
  howpublished = "\url{http://www.biltek.tubitak.gov.tr/gelisim/elektronik/dosyalar/27/udn2981.pdf}",
  year = "2006",
}

@misc{ds-gsd,
  title = "{GSD} Series {SD} Card Connector {SMT} Type Datasheet",
  howpublished = "\url{http://www.datasheets360.com/part/detail/gsd09001xseu/8865586922850737578/}",
  year = "2009",
}

@misc{an-134,
  title = "{AVR134}: Real Time Clock ({RTC}) using the Asynchronous Timer",
  howpublished = "\url{http://www.atmel.com/Images/Atmel-1259-Real-Time-Clock-RTC-Using-the-Asynchronous-Timer_AP-Note_AVR134.pdf}",
  year = "2014",
}

@misc{jcombobox,
  howpublished = "\url{http://raginggoblin.wordpress.com/2010/05/04/jcombobox-with-disabled-items/}",
}

@misc{bresenham,
  title = "Algorytm {Bresenhama} --- rysowanie odcinka",
  howpublished = "\url{http://edu.i-lo.tarnow.pl/inf/utils/002_roz/2008_06.php}",
}

@misc{ovals,
  title = "Rysowanie elips i owali",
  howpublished = "\url{http://edu.i-lo.tarnow.pl/inf/utils/002_roz/2008_24.php}",
}

@misc{reverse-bits,
  author = "Eron Anderson",
  title  = "Bit Twiddling Hacks, Reverse Parallel",
  howpublished  = "\url{http://graphics.stanford.edu/~seander/bithacks.html#ReverseParallel}",
}

@misc{progmem,
  howpublished  = "\url{http://www.nongnu.org/avr-libc/user-manual/pgmspace.html}",
}

