@misc{dropbox,
  howpublished = "\url{http://www.dropbox.com/}",
}

@misc{box,
  howpublished = "\url{http://www.box.com/}",
}

@misc{sherly,
  howpublished = "\url{http://www.sher.ly/}",
}

@misc{symform,
  howpublished = "\url{http://www.symform.com/}",
}

@misc{btsync,
  howpublished = "\url{http://www.getsync.com/}",
}

@misc{sugarsync,
  howpublished = "\url{http://www.sugarsync.com}",
}

@misc{skydrive,
  howpublished = "\url{http://onedrive.live.com}",
}

@misc{mediafire,
  howpublished = "\url{http://www.mediafire.com/}",
}

@misc{googledrive,
  howpublished = "\url{http://www.drive.google.com/}",
}

@misc{mega,
  howpublished = "\url{http://mega.nz}",
}

@misc{cifs,
  howpublished = "\url{http://technet.microsoft.com/en-us/library/cc939973.aspx}",
}

@misc{samba,
  howpublished = "\url{http://www.samba.org}",
}

@misc{aes,
  title = "Specification for the Advanced Encryption Standard (AES)",
  howpublished = "\url{http://csrc.nist.gov/publications/fips/fips197/fips-197.pdf}",
}

@misc{rscode,
  author = "Jose R. C. Cruz",
  title = "Error connection with Reed-Solomon",
  howpublished = "[on-line] \url{http://www.drdobbs.com/testing/error-correction-with-reed-solomon/240157266}",
  year = {2013},
}

@misc{angular,
  howpublished = "\url{http://angularjs.org}",
}

@misc{python,
  howpublished = "\url{http://python.org}",
}

@misc{django,
  howpublished = "\url{http://djangoproject.com}",
}

@misc{rest,
  howpublished = "\url{http://en.wikipedia.org/wiki/Representational_state_transfer}",
}

@misc{basicauth,
  howpublished = "\url{http://en.wikipedia.org/wiki/Basic_access_authentication}",
}

@misc{dht,
  howpublished = "\url{http://en.wikipedia.org/wiki/Distributed_hash_table}",
}

@misc{dropdownlist,
  howpublished = "\url{http://en.wikipedia.org/wiki/Drop-down_list}",
}

@misc{ntp,
  howpublished = "\url{http://www.ntp.org/}",
}

@misc{ajax,
  howpublished = "\url{http://en.wikipedia.org/wiki/Ajax_(programming)}",
}

@misc{http,
  howpublished = "\url{http://en.wikipedia.org/wiki/Hypertext_Transfer_Protocol}",
}

@misc{
  bittorrentlib,
year={2005},
isbn={978-3-540-29068-1},
booktitle={Peer-to-Peer Systems IV},
volume={3640},
series={Lecture Notes in Computer Science},
editor={Castro, Miguel and van Renesse, Robbert},
doi={10.1007/11558989_19},
title={The Bittorrent P2P File-Sharing System: Measurements and Analysis},
url={http://dx.doi.org/10.1007/11558989_19},
publisher={Springer Berlin Heidelberg},
author={Pouwelse, Johan and Garbacki, Pawe≈Ç and Epema, Dick and Sips, Henk},
pages={205-216},
language={English}
}

@misc{dhtarticle,
    author = {Wolchok, Scott and Halderman, J. Alex},
    citeulike-article-id = {8381860},
    journal = {USENIX},
    posted-at = {2010-12-08 06:48:56},
    priority = {2},
    title = {Crawling BitTorrent DHTs for Fun and Profit}
}

@misc{dhtarticle2,
    author = {Xiao Shu, Xining Li},
    posted-at = {2012-12-01},
    title = {A scalable and robust DHT Protocol for Structured P2P Network}
}

@misc{ntparticle,
    author = {Harry Fairhead},
    posted-at = {2014-12-23},
    title = {NTP The Latest Open Source Security Problem}
}

@misc{httparticle,
    author = {R. Fielding, J. Reschke},
    posted-at = {2014-07-01},
    title = {Hypertext transfer Protocol (HTTP/1.1): Authentication}
}

@misc{jsonarticle,
    author = {Douglas Crockford},
    posted-at = {2006-06-01},
    title = {The application/json Media Type for JavaScript Object Notation (JSON)}
}